@Article{Wolf2011,
Title = {Aircraft Collision Avoidance Using {M}onte {C}arlo Real-Time Belief Space Search},
Author = {Travis B. Wolf and Mykel J. Kochenderfer},
Journal = {Journal of Intelligent and Robotic Systems},
Year = {2011},
Number = {2},
Pages = {277-298},
Volume = {64},
Doi = {10.1007/s10846-010-9532-6},
Url = {http://dx.doi.org/10.1007/s10846-010-9532-6}
}

@Book{Kochenderfer2014,
  author    = {Mykel Kochenderfer}, 
  title     = {Decision Making Under Uncertainty: Theory and Application},
  publisher = {The MIT Press},
  year      = 2014,
  edition   = 1,
  note      = {Pre-publishing printing for Stanford course},
  isbn      = {prepublish}
}

@book{Thrun:2005:PR:1121596,
 author = {Thrun, Sebastian and Burgard, Wolfram and Fox, Dieter},
 title = {Probabilistic Robotics (Intelligent Robotics and Autonomous Agents)},
 year = {2005},
 isbn = {0262201623},
 publisher = {The MIT Press},
} 